<record><leader>00000cas a22000007a 4500</leader><controlfield tag="001">11378858</controlfield><controlfield tag="008">841113d18471847inuir ne      0    0eng d</controlfield><datafield ind1=" " ind2=" " tag="010"><subfield code="a">sn 84045480 </subfield></datafield><datafield ind1=" " ind2=" " tag="040"><subfield code="a">NPI</subfield><subfield code="b">eng</subfield><subfield code="c">NPI</subfield><subfield code="d">OCLCQ</subfield></datafield><datafield ind1=" " ind2=" " tag="042"><subfield code="a">msc</subfield></datafield><datafield ind1="0" ind2="0" tag="245"><subfield code="a">Tri-weekly New Albany Democrat.</subfield></datafield><datafield ind1=" " ind2=" " tag="260"><subfield code="a">New Albany [Ind.] :</subfield><subfield code="b">Bosworth &amp; Norman,</subfield><subfield code="c">1847-</subfield></datafield><datafield ind1=" " ind2=" " tag="300"><subfield code="a">v. :</subfield><subfield code="b">ill. (chiefly advertisements) ;</subfield><subfield code="c">46 cm.</subfield></datafield><datafield ind1=" " ind2=" " tag="310"><subfield code="a">Three issues weekly</subfield></datafield><datafield ind1="0" ind2=" " tag="362"><subfield code="a">Vol. 1, no. 1 (July 1. 1847)-</subfield></datafield><datafield ind1="1" ind2=" " tag="362"><subfield code="a">Ceased in late Nov. 1847</subfield><subfield code="z">Cf. vol. 4, no. 13 (Nov. 25, 1847) issue of "The New Albany Democrat."</subfield></datafield><datafield ind1=" " ind2=" " tag="580"><subfield code="a">Also issued weekly as: New Albany Democrat.</subfield></datafield><datafield ind1=" " ind2=" " tag="752"><subfield code="a">United States</subfield><subfield code="b">Indiana</subfield><subfield code="c">Floyd</subfield><subfield code="d">New Albany.</subfield></datafield><datafield ind1="1" ind2=" " tag="775"><subfield code="t">New Albany Democrat</subfield><subfield code="w">(DLC)sn 82016336</subfield></datafield></record>